@article{Ma2017,
author = {Ma, Wei-Chiu and Wang, Shenlong and Brubaker, Marcus A. and Fidler, Sanja and Urtasun, Raquel},
journal = {IEEE Conference on Robotics and Automation (ICRA)},
title = {{Find your Way by Observing the Sun and Other Semantic Cues}},
year = {2017}
}


@inproceedings{Debevec1998,
author = {Debevec, Paul},
booktitle = {Proceedings of ACM SIGGRAPH},
title = {Rendering Synthetic Objects into Real Scenes : Bridging Traditional and Image-based Graphics with Global Illumination and High Dynamic Range Photography},
year = {1998}
}

@incollection{kulkarni15dcign,
  title = {Deep Convolutional Inverse Graphics Network},
  author = {Kulkarni, Tejas D and Whitney, William F. and Kohli, Pushmeet and Tenenbaum, Josh},
  booktitle = {NIPS},
  pages = {2539--2547},
  year = {2015},
}

@article{eigen2015depth,
  author = {David Eigen and Rob Fergus},
  title = {Predicting Depth, Surface Normals and Semantic Labels with a Common Multi-Scale Convolutional Architecture},
  journal = {International Conference on Computer Vision},
  year = {2015}
}

@inproceedings{rematas-cvpr-16,
author = {Rematas, Konstantinos and Ritschel, Tobias and Fritz, Mario and Gavves, Efstratios and Tuytelaars, Tinne},
booktitle = {IEEE Conference on Computer Vision and Pattern Recognition},
title = {Deep Reflectance Maps},
year = {2016}
}

@article{kider-tog-14,
author = {Kider, Joseph T. and Knowlton, Daniel and Newlin, Jeremy and Li, Yining Karl and Greenberg, Donald P.},
issn = {07300301},
journal = {ACM Transactions on Graphics},
month = {nov},
number = {6},
pages = {1--12},
publisher = {ACM},
title = {A framework for the experimental comparison of solar and skydome illumination},
volume = {33},
year = {2014}
}

@article{ioffe-jmlr-15,
author = {Ioffe, Sergey and Szegedy, Christian},
journal = {Journal of Machine Learning Research},
title = {Batch Normalization: Accelerating Deep Network Training by Reducing Internal Covariate Shift},
volume = {37},
year = {2015}
}


@article{bansal2016marr,
  author = {A. Bansal and B. Russell and A. Gupta},
  title = {Marr Revisited: {2D}-{3D} Model Alignment via Surface Normal Prediction},
  journal = {CVPR},
  year = {2016}
}

@article{khan-siggraph-06,
author = {Khan, Erum Arif and Reinhard, Erik and Fleming, Roland W. and B{\"{u}}lthoff, Heinrich H.},
journal = {ACM Transactions on Graphics},
number = {3},
pages = {654},
title = {Image-based material editing},
volume = {25},
year = {2006}
}


@book{reinhard-book-10,
author = {Reinhard, Erik and Heidrich, Wolfgang and Debevec, Paul and Pattanaik, Sumanta and Ward, Greg and Myszkowski, Karol},
edition = {2},
publisher = {Morgan Kaufman},
title = {High Dynamic Range Imaging},
year = {2010}
}

@article{zhou2015intrinsic,
  author = {Tinghui Zhou and Philipp Kr채henb체hl and Alexei A. Efros},
  title = {Learning Data-driven Reflectance Priors for Intrinsic Image Decomposition},
  journal = {ICCV},
  year = {2015}
}

@inproceedings{grosse-iccv-09,
author = {Grosse, Roger and Johnson, Micah K and Adelson, Edward H. and Freeman, William T},
booktitle = {IEEE International Conference on Computer Vision},
title = {Ground truth dataset and baseline evaluations for intrinsic image algorithms},
year = {2009}
}


@article{bell2015minc,
  author = {Sean Bell and Paul Upchurch and Noah Snavely and Kavita Bala},
  title = {Material Recognition in the Wild with the Materials in Context Database},
  journal = {IEEE Conference on Computer Vision and Pattern Recognition},
  year = {2015}
}

@article{duchene2015multiview,
  author = {Duch\^{e}ne, Sylvain and Riant, Clement and Chaurasia, Gaurav and Moreno, Jorge Lopez and Laffont, Pierre-Yves and Popov, Stefan and Bousseau, Adrien and Drettakis, George},
  title = {Multiview Intrinsic Images of Outdoors Scenes with an Application to Relighting},
  journal = {ACM Trans. Graph.},
  volume = {34},
  number = {5},
  month = nov,
  year = {2015},
  pages = {164:1--164:16},
  articleno = {164},
  numpages = {16},
}

@inproceedings{haber2009relighting,
   Title = {Relighting objects from image collections},
   Author = {Tom Haber and Christian Fuchs and Philippe Bekaer and H-P Seidel and Michael Goesele and Hendrik Lensch},
   booktitle = {IEEE Conference on Computer Vision and Pattern Recognition},
   Year = {2009}
}

@article{georgoulis2016delight, 
title={DeLight-Net: Decomposing Reflectance Maps into Specular Materials and Natural Illumination}, 
author={Georgoulis, Stamatios and Rematas, Konstantinos and Ritschel, Tobias and Fritz, Mario and Van Gool, Luc and Tuytelaars, Tinne}, 
journal={arXiv preprint arXiv:1603.08240}, 
year={2016} 
}

@inproceedings{shan2015visual,
   Title = {The Visual Turing Test for Scene Reconstruction},
   Author = {Qi Shan and Riley Adams and Brian Curless and Yasutaka Furukawa and Steven M. Seitz},
   booktitle = {3DV},
   Year = {2015}
}

@article{karsch2014automatic,
   author = {Karsch, Kevin and Sunkavalli, Kalyan and Hadap, Sunil and Carr, Nathan and Jin, Hailin and Fonte, Rafael and Sittig, Michael and Forsyth, David},
   title = {Automatic Scene Inference for {3D} Object Compositing},
   journal = {ACM Trans. Graph.},
   volume = {33},
   number = {3},
   month = jun,
   year = {2014},
   pages = {32:1--32:15},
   articleno = {32},
   numpages = {15},
} 

@article{lombardi2016reflectance,
  author = {Stephen Lombardi, and Ko Nishino},
  title = {Reflectance and Illumination Recovery in the Wild},
  journal = {IEEE Transactions on Pattern Analysis and Machine Intelligence},
  volume = {38},
  number = {1},
  year = {2016},
  pages = {129-141},
}

@article{barron2013rgbd,
  author = {Jonathan T Barron and Jitendra Malik},
  title = {Intrinsic Scene Properties from a Single RGB-D Image},
  journal = {IEEE Conference on Computer Vision and Pattern Recognition},
  year = {2013},
}

@article{perez1993allweather,
	author = {Perez, R. and Seals, R. and Michalsky, J.},
    journal = {Solar Energy},
    month = mar,
    number = {3},
    pages = {235--245},
    title = {{All-weather model for sky luminance distribution - Preliminary configuration and validation}},
    volume = {50},
    year = {1993}
}

@article{lalonde-ijcv-10,
	Author = {Jean-Fran\c{c}ois Lalonde and Srinivasa G. Narasimhan and Alexei A. Efros},
	Journal = {International Journal on Computer Vision},
	Month = {May},
	Number = {1},
	Pages = {24--51},
	Title = {What do the sun and the sky tell us about the camera?},
	Volume = {88},
	Year = {2010}
}
    
@inproceedings{wehrwein2015shadows,
   Title = {Shadow Detection and Sun Direction in Photo Collections},
   Author = {Scott Wehrwein and Kavita Bala and Noah Snavely},
   booktitle = {International Conference on 3D Vision},
   Year = {2015}
}

@inproceedings{sunkavalli2008color,
  Title = {What do color changes reveal about an outdoor scene?},
  Author = {Kalyan Sunkavalli and Fabiano Romeiro and Wojciech Matusik and Todd Zickler and Hanspeter Pfister},
  booktitle = {IEEE Conference on Computer Vision and Pattern Recognition},
  Year = {2008}
}

@inproceedings{hauagge2014outdoor,
  Title = {Reasoning about Photo Collections using Models of Outdoor Illumination},
  Author = {Daniel Hauagge and Scott Wehrwein and Paul Upchurch
  and Kavita Bala and Noah Snavely},
  booktitle = {British Machine Vision Conference},
  Year = {2014}
}

@InProceedings{zhou2015intrinsic,
    author = {Zhou, Tinghui and Kr채henb체hl, Philipp and Efros, Alexei A.},
    title = {Learning Data-driven Reflectance Priors for Intrinsic Image Decomposition},
    booktitle = {IEEE International Conference on Computer Vision},
    year = {2015}
}

@article{barron-pami-15,
  author = {Barron, Jonathan and Malik, Jitendra},
  journal = {IEEE Transactions on Pattern Analysis and Machine Intelligence},
  number = {8},
  pages = {1670--1687},
  title = {Shape, illumination, and reflectance from shading},
  volume = {37},
  year = {2013}
}

@inproceedings{xiao-cvpr-12,
author = {Xiao, Jianxiong and Ehinger, Krista A. and Oliva, Aude and Torralba, Antonio},
booktitle = {IEEE Conference on Computer Vision and Pattern Recognition},
title = {Recognizing scene viewpoint using panoramic place representation},
year = {2012}
}

@inproceedings{zhang-cvpr-13,
author = {Zhang, Yinda and Xiao, Jianxiong and Hays, James and Tan, Ping},
booktitle = {IEEE Conference on Computer Vision and Pattern Recognition Recognition},
pages = {1171--1178},
title = {Framebreak: Dramatic image extrapolation by guided shift-maps},
year = {2013}
}


@article{tsai-siggraph-16,
 author = {Tsai, Yi-Hsuan and Shen, Xiaohui and Lin, Zhe and Sunkavalli, Kalyan and Yang, Ming-Hsuan},
 title = {Sky is Not the Limit: Semantic-aware Sky Replacement},
 journal = {ACM Transactions on Graphics (SIGGRAPH 2016)},
  volume = {35},
 number = {4},
 month = jul,
 year = {2016},
 pages = {149:1--149:11},
 articleno = {149}
} 

@inproceedings{krahenbuhl-nips-12,
  author    = {Philipp Kr{\"{a}}henb{\"{u}}hl and
               Vladlen Koltun},
  title     = {Efficient Inference in Fully Connected {CRF}s with Gaussian Edge Potentials},
  booktitle = {Neural Information Processing Systems},
  year      = {2012}
}

@inproceedings{lalonde-3dv-14,
author = {Lalonde, Jean-Fran{\c{c}}ois and Matthews, Iain},
booktitle = {International Conference on 3D Vision},
title = {Lighting Estimation in Outdoor Image Collections},
year = {2014}
}

@article{lalonde-ijcv-12,
author = {Lalonde, Jean Fran{\c{c}}ois and Efros, Alexei A. and Narasimhan, Srinivasa G.},
journal = {International Journal of Computer Vision},
number = {2},
pages = {123--145},
publisher = {Springer},
title = {Estimating the natural illumination conditions from a single outdoor image},
volume = {98},
year = {2012}
}


@misc{hdrdb,
  author = {Jean-Fran\c{c}ois Lalonde and Louis-Philippe Asselin and Julien Becirovski and Yannick Hold-Geoffroy and Mathieu Garon and Marc-Andr\'{e} Gardner and Jinsong Zhang},
  title = {The {L}aval {HDR} Sky Database},
  howpublished = "\url{http://www.hdrdb.com}",
  year = {2016}
}



@inproceedings{stumpfel-afrigraph-04,
author = {Stumpfel, Jessi and Jones, Andrew and Wenger, Andreas and Tchou, Chris and Hawkins, Tim and Debevec, Paul},
booktitle = {Proceedings of ACM AFRIGRAPH},
title = {Direct {HDR} capture of the sun and sky},
year = {2004}
}


@article{esty-jss-03,
author = {Esty, Warren W and Banfield, Jeffrey D},
issn = {1548-7660},
journal = {Journal Of Statistical Software},
pages = {1--14},
title = {The Box-Percentile Plot},
volume = {8},
year = {2003}
}

@article{goode-grl-01,
author = {Goode, P. R. and Qiu, J. and Yurchyshyn, V. and Hickey, J. and Chu, M.-C. and Kolbe, E. and Brown, C. T. and Koonin, S. E. }, 
title = {Earthshine Observations of the Earth's Reflectance},
journal = {Geophysical Research Letters},
volume = 28,
number = 9,
pages = {1671--1674},
year = 2001
}

%% Sky models
@article{hosek-siggraph-12,
author = {Ho\v{s}ek, Lukas and Wilkie, Alexander},
journal = {ACM Transactions on Graphics},
number = {4},
pages = {1--9},
publisher = {ACM},
title = {An analytic model for full spectral sky-dome radiance},
volume = {31},
year = {2012}
}

@article{hosek-cga-13,
author = {Ho\v{s}ek, Lukas and Wilkie, Alexander},
journal = {IEEE Computer Graphics and Applications},
month = {may},
number = {3},
pages = {44--52},
title = {Adding a Solar-Radiance Function to the Hosek-Wilkie Skylight Model},
volume = {33},
year = {2013}
}


@inproceedings{preetham-siggraph-99,
author = {Preetham, A. J. and Shirley, Peter and Smits, Brian},
booktitle = {Proceedings of the 26th annual conference on Computer graphics and interactive techniques - SIGGRAPH},
title = {A practical analytic model for daylight},
year = {1999}
}



@inproceedings{clevert-iclr-16,
author = {Clevert, Djork-Arn{\'{e}} and Unterthiner, Thomas and Hochreiter, Sepp},
booktitle = {International Conference on Learning Representations},
title = {Fast and Accurate Deep Network Learning by Exponential Linear Units ({ELUs})},
year = {2016}
}

@inproceedings{kingma-iclr-15,
author = {Kingma, Diederik and Ba, Jimmy},
booktitle = {International Conference on Learning Representations},
pages = {1--15},
title = {Adam: A method for stochastic optimization},
year = {2015}
}

@article{banerjee-jmlr-05,
author = {Banerjee, A and Dhillon, Inderjit S. and Ghosh, Joydeep and Sra, Suvrit},
journal = {Journal of Machine Learning Research},
pages = {1345--1382},
title = {Clustering on the unit hypersphere using von {M}ises-{F}isher distributions},
volume = {6},
year = {2005}
}
