% Put the refs we _actually_ need for the paper here, instead of a giant dump from Mendeley :) 

% Change MAG's ref to SigAsia
@Article{lalonde-siggraph-07,
  author =   {Jean-Fran\c{c}ois Lalonde and Derek Hoiem and Alexei A. Efros and Carsten Rother and John Winn and Antonio Criminisi},
  title =    {Photo Clip Art},
  journal =  {ACM Transactions on Graphics (SIGGRAPH 2007)},
  year =     2007,
  volume =   26,
  number =   3,
  pages =    3,
  month =    {August}
}

@article{karsch2014automatic,
  title={Automatic scene inference for 3d object compositing},
  author={Karsch, Kevin and Sunkavalli, Kalyan and Hadap, Sunil and Carr, Nathan and Jin, Hailin and Fonte, Rafael and Sittig, Michael and Forsyth, David},
  journal={ACM Transactions on Graphics (TOG)},
  volume={33},
  number={3},
  pages={32},
  year={2014},
  publisher={ACM}
}

@inproceedings{Wilson2014,
    title = {Robust global translations with 1DSfM},
    year = {2014},
    booktitle = {European Conference on Computer Vision},
    author = {Wilson, Kyle and Snavely, Noah}
}

@inproceedings{Workman2016,
    title = {Horizon Lines in the Wild},
    year = {2016},
    booktitle = {British Machine Vision Conference},
    author = {Workman, Scott and Zhai, Menghua and Jacobs, Nathan},
    pages = {0--3},
    url = {http://arxiv.org/abs/1604.02129},
    arxivId = {1604.02129}
}

@article{Workman2015a,
    title = {Deepfocal: A method for direct focal length estimation},
    year = {2015},
    journal = {IEEE International Conference on Image Processing},
    author = {Workman, Scott and Greenwell, Connor and Zhai, Menghua and Baltenberger, Ryan and Jacobs, Nathan}
}

@inproceedings{Hold-Geoffroy2017,
author = {Yannick Hold-Geoffroy and Kalyan Sunkavalli and Sunil Hadap and Emiliano Gambaretto and Jean-Fran\c{c}ois Lalonde},
title = {Deep Outdoor Illumination Estimation},
booktitle = {IEEE International Conference on Computer Vision and Pattern Recognition},
year = {2017}
}

@article{Xiao2012,
    title = {Recognizing scene viewpoint using panoramic place representation},
    year = {2012},
    journal = {CVPR},
    author = {Xiao, Jianxiong and Ehinger, Krista A and Oliva, A and Torralba, Antonio}
}

@article{Gardner2017,
  author = {Marc-Andr\'{e} Gardner and Kalyan Sunkavalli and Ersin Yumer and Xiaohui Shen and Emiliano Gambaretto and Christian Gagn\'{e} and Jean-Fran\c{c}ois Lalonde},
  title = {Learning to Predict Indoor Illumination from a Single Image},
  journal = {ACM Transactions on Graphics (SIGGRAPH Asia)},
  volume = 9, 
  number = 4,
  year = {2017}
}

@article{Gingold2012,
    title = {Micro Perceptual Human Computation for Visual Tasks},
    year = {2012},
    journal = {ACM Transactions on Graphics},
    author = {Gingold, Yotam and Shamir, Ariel and Cohen, Daniel-Or},
    number = {5},
    volume = {31}
}

@inproceedings{Huang2016,
    title = {Densely Connected Convolutional Networks},
    year = {2016},
    author = {Huang, Gao and Liu, Zhuang and Weinberger, Kilian Q. and van der Maaten, Laurens},
    booktitle = {IEEE Conference on Computer Vision and Pattern Recognition}
}

@article{Russakovsky2015,
    title = {ImageNet Large Scale Visual Recognition Challenge},
    year = {2015},
    journal = {International Journal of Computer Vision},
    author = {Russakovsky, Olga and Deng, Jia and Su, Hao and Krause, Jonathan and Satheesh, Sanjeev and Ma, Sean and Huang, Zhiheng and Karpathy, Andrej and Khosla, Aditya and Bernstein, Michael and Berg, Alexander C},
    pages = {211--252}
}

@inproceedings{Kingma2015,
    title = {ADAM: A Method for Stochastic Optimization},
    year = {2015},
    booktitle = {International Conference for Learning Representations},
    author = {Kingma, Diederik and Ba, Jimmy}
}

@article{esty-jss-03,
    title = {The Box-Percentile Plot},
    year = {2003},
    journal = {Journal Of Statistical Software},
    author = {Esty, Warren W and Banfield, Jeffrey D},
    pages = {1--14},
    volume = {8},
    url = {http://www.jstatsoft.org/v08/i17/paper},
    issn = {1548-7660},
    keywords = {boxplot, distribution, graphical data analysis, tree invasions}
}

@article{Lee2014,
    title = {Automatic upright adjustment of photographs with robust camera calibration},
    year = {2014},
    journal = {IEEE Transactions on Pattern Analysis and Machine Intelligence},
    author = {Lee, Hyunjoon and Shechtman, Eli and Wang, Jue and Lee, Seungyong},
    number = {5},
    pages = {833--844},
    volume = {36},
    isbn = {9781467312264},
    doi = {10.1109/TPAMI.2013.166},
    issn = {01628828},
    pmid = {23999391},
    keywords = {Upright adjustment, perspective correction, photo aesthetics enhancement, single image camera calibration}
}

@article{Springenberg2015,
    title = {Striving for Simplicity: The All Convolutional Net},
    year = {2015},
    journal = {International Conference on Learning Representations},
    author = {Springenberg, Jost Tobias and Dosovitskiy, Alexey and Brox, Thomas and Riedmiller, Martin}
}

@article{Smilkov2017,
    title = {SmoothGrad: removing noise by adding noise},
    year = {2017},
    author = {Smilkov, Daniel and Thorat, Nikhil and Kim, Been and Vi\'{e}gas, Fernanda and Wattenberg, Martin},
    journal={arXiv preprint arXiv:1706.03825}
}

@inproceedings{Sturm1999,
    title = {On Plane-Based Camera Calibration : A General Algorithm , Singularities , Applications},
    year = {1999},
    booktitle = {IEEE Conference on Computer Vision and Pattern Recognition},
    author = {Sturm, Peter and Maybank, Steve}
}

@article{Zhang2002,
    title = {A Flexible New Technique for Camera Calibration (Technical Report)},
    year = {2002},
    journal = {IEEE Transactions on Pattern Analysis and Machine Intelligence},
    author = {Zhang, Zhengyou},
    number = {11},
    pages = {1330--1334},
    volume = {22},
    url = {https://www.microsoft.com/en-us/research/wp-content/uploads/2016/02/tr98-71.pdf},
    isbn = {MSR-TR-98-71},
    doi = {10.1109/34.888718},
    issn = {01628828},
    pmid = {131},
    arxivId = {arXiv:1011.1669v3}
}

@article{Criminisi2000,
    title = {Single view metrology},
    year = {2000},
    journal = {International Journal of Computer Vision},
    author = {Criminisi, A. and Reid, I. and Zisserman, A.},
    number = {2},
    pages = {123--148},
    volume = {40},
    url = {https://www.cs.cmu.edu/~ph/869/papers/Criminisi99.pdf},
    isbn = {0-7695-0164-8},
    doi = {10.1023/A:1026598000963},
    issn = {09205691}
}

@inproceedings{Melo2013,
    title = {Unsupervised intrinsic calibration from a single frame using a ”plumb-line” approach},
    year = {2013},
    booktitle = {International Conference on Computer Vision},
    author = {Melo, R and Antunes, M and Barreto, J P and Gonc, N}
}

@inproceedings{Rother2000,
    title = {A new approach for vanishing point detection in architectual environments},
    year = {2000},
    booktitle = {British Machine Vision Conference},
    author = {Rother, C}
}

@article{Lalonde2010,
    title = {What Do the Sun and the Sky Tell Us About the Camera?},
    year = {2010},
    journal = {International Journal on Computer Vision},
    author = {Lalonde, Jean-F and Narasimhan, Srinivasa G and Efros, Alexei A},
    number = {1},
    pages = {24--51},
    volume = {88},
    keywords = {camera, camera calibration, physics-based vision, sky, time-lapse video}
}

@inproceedings{Beardsley1992,
    author = {Beardsley, Paul and Murray, David},
    booktitle = {British Machine Vision Conference},
    title = {Camera Calibration using Vanishing Points},
    year = {1992}
}

@article{Vangorp2013,
    title = {Perception of Perspective Distortions in Image-Based Rendering},
    year = {2013},
    journal = {ACM Transactions on Graphics},
    author = {Vangorp, Peter and Richardt, Christian and Cooper, Emily a and Chaurasia, Gaurav and Banks, Martin S and Drettakis, George},
    number = {4},
    pages = {1--12},
    volume = {32}
}

@article{Zhou2017,
    title = {Places: A 10 million Image Database for Scene Recognition},
    year = {2017},
    journal = {IEEE Transactions on Pattern Analysis and Machine Intelligence},
    author = {Zhou, Bolei and Lapedriza, Agata and Khosla, Aditya and Oliva, Aude and Torralba, Antonio},
    number = {c},
    pages = {1--14},
    volume = {8828},
    url = {http://places2.csail.mit.edu/PAMI_places.pdf},
    doi = {10.1109/TPAMI.2017.2723009},
    issn = {01628828},
    pmid = {28692961},
    keywords = {Context, Databases, Image recognition, Scene classification, Semantics, Sun, Training, Visualization, deep feature, deep learning, image dataset, visual recognition}
}

@inproceedings{Fefilatyev2006,
author = {Fefilatyev, Sergiy Fefilatyev Sergiy and Smarodzinava, Volha Smarodzinava Volha and Hall, Lawrence O. Hall Lawrence O. and Goldgof, Dmitry B. Goldgof Dmitry B.},
booktitle = {International Conference on Machine Learning and Applications},
title = {Horizon Detection Using Machine Learning Techniques},
year = {2006}
}

@Book{Hartley2004, 
	author = "Hartley, R.~I. and Zisserman, A.",
	title = "Multiple View Geometry in Computer Vision",
	edition = "Second",
	year = "2004",
	publisher = "Cambridge University Press, ISBN: 0521540518"
}

@article{Schaffalitzky2000, 
   author = "Schaffalitzky, F. and Zisserman, A.", 
   title = "Planar Grouping for Automatic Detection of Vanishing 
   Lines and Points", 
   journal = "Image and Vision Computing", 
   pages = "647--658", 
   volume = "18", 
   year = "2000", 
} 

@inproceedings{Pritts2014,
	author = {Pritts, James and Chum, Ondrej and Matas, Jiri},
	title = {Detection, Rectification and Segmentation of Coplanar Repeated Patterns},
	booktitle = {CVPR},
	year = {2014}
}

@inproceedings{Criminisi00,
	author = {Criminisi, Antonio and Zisserman, Andrew},
	title = {Shape from texture: homogeneity revisited},
	booktitle = {BMVC},
	year = {2000}
}

@inproceedings{Chen2004,
	author="Chen, Qian and Wu, Haiyuan and Wada, Toshikazu",
	title="Camera Calibration with Two Arbitrary Coplanar Circles",
	bookTitle="ECCV",
	year="2004",
	pages="521--532",
}

@article{Cavanagh2005, 
   author = {Cavanagh, Patrick}, 
   title = {The artist as neuroscientist}, 
   journal = {Nature}, 
   volume = {434}, 
   year = {2005}, 
	month = {Mar}
} 

@inproceedings{Farid2010,
	author = {Farid, Hany and Bravo, Mary J.},
	title = {Image forensic analyses that elude the human visual system},
	journal = {Proc.SPIE},
	year = {2010}
}

@inproceedings{Heikkila1997,
    author = {Heikkil{\"{a}}, Janne and Silv{\'{e}}n, Olli},
    booktitle = {Computer Vision and Pattern Recognition (CVPR)},
    doi = {10.1109/CVPR.1997.609468},
    isbn = {0-8186-7822-4},
    issn = {1063-6919},
    pages = {1106--1112},
    pmid = {1151469},
    title = {{A four-step camera calibration procedure with implicit image correction}},
    year = {1997}
}

@article{Workman2014,
    author = {Workman, Scott and Mihail, Radu Paul and Jacobs, Nathan},
    doi = {10.1007/978-3-319-10602-1_53},
    issn = {16113349},
    journal = {ECCV},
    pages = {820--835},
    title = {{A pot of gold: Rainbows as a calibration cue}},
    year = {2014}
}

@article{Fouhey2013,
    author = {Fouhey, David F. and Gupta, Abhinav and Hebert, Martial},
    doi = {10.1109/ICCV.2013.421},
    isbn = {9781479928392},
    issn = {1550-5499},
    journal = {Proceedings of the IEEE International Conference on Computer Vision},
    pages = {3392--3399},
    title = {{Data-driven 3D primitives for single image understanding}},
    url = {http://www.cs.cmu.edu/{~}dfouhey/3DP/dfouhey{\_}primitives.pdf},
    year = {2013}
}


@inproceedings{choy20163d,
  title={3d-r2n2: A unified approach for single and multi-view 3d object reconstruction},
  author={Choy, Christopher B and Xu, Danfei and Gwak, JunYoung and Chen, Kevin and Savarese, Silvio},
  booktitle={European Conference on Computer Vision},
  pages={628--644},
  year={2016},
  organization={Springer}
}

@article{bianco2017single,
  title={Single and Multiple Illuminant Estimation Using Convolutional Neural Networks},
  author={Bianco, Simone and Cusano, Claudio and Schettini, Raimondo},
  journal={IEEE Transactions on Image Processing},
  year={2017},
  publisher={IEEE}
}

@book{fairchild2013color,
  title={Color appearance models},
  author={Fairchild, Mark D},
  year={2013},
  publisher={John Wiley \& Sons}
}

@inproceedings{kendall-iccv-15,
archivePrefix = {arXiv},
arxivId = {1505.07427},
author = {Kendall, Alex and Grimes, Matthew and Cipolla, Roberto},
booktitle = {Proceedings of the International Conference on Computer Vision (ICCV)},
doi = {10.1109/ICCV.2015.336},
eprint = {1505.07427},
isbn = {978-1-4673-8391-2},
issn = {15505499},
title = {{PoseNet: A Convolutional Network for Real-Time 6-DOF Camera Relocalization}},
url = {http://www.cv-foundation.org/openaccess/content{\_}iccv{\_}2015/papers/Kendall{\_}PoseNet{\_}A{\_}Convolutional{\_}ICCV{\_}2015{\_}paper.pdf},
year = {2015}
}


@inproceedings{hedau-iccv-09,
author = {Hedau, Varsha and Hoiem, Derek and Forsyth, David},
booktitle = {IEEE International Conference on Computer Vision (ICCV)},
title = {{Recovering the Spatial Layout of Cluttered Rooms}},
year = {2009}
}

@inproceedings{izadinia-cvpr-17,
archivePrefix = {arXiv},
arxivId = {1608.05137},
author = {Izadinia, Hamid and Shan, Qi and Seitz, Steven M.},
booktitle = {Computer Vision and Pattern Recognition (CVPR)},
eprint = {1608.05137},
title = {{Im2Cad}},
url = {http://arxiv.org/abs/1608.05137},
year = {2017}
}

@article{hoiem-cvpr-06,
author = {Hoiem, Derek and Efros, Alexei A. and Hebert, Martial},
doi = {10.1007/s11263-008-0137-5},
isbn = {0769525970},
issn = {09205691},
journal = {Computer Vision and Pattern Recognition (CVPR)},
pmid = {19555709},
title = {{Putting objects in perspective}},
year = {2006}
}

@inproceedings{ledig-cvpr-17,
archivePrefix = {arXiv},
arxivId = {1609.04802},
author = {Ledig, Christian and Theis, Lucas and Husz{\'{a}}r, Ferenc and Caballero, Jose and Cunningham, Andrew and Acosta, Alejandro and Aitken, drew and Tejani, Alykhan and Totz, Johannes and Wang, Zehan and {Shi Twitter}, Wenzhe},
booktitle = {Computer Vision and Pattern Recognition (CVPR)},
doi = {10.1109/CVPR.2017.19},
eprint = {1609.04802},
isbn = {978-1-5386-0457-1},
issn = {0018-5043},
pmid = {428914},
title = {{Photo-Realistic Single Image Super-Resolution Using a Generative Adversarial Network}},
url = {http://openaccess.thecvf.com/content{\_}cvpr{\_}2017/papers/Ledig{\_}Photo-Realistic{\_}Single{\_}Image{\_}CVPR{\_}2017{\_}paper.pdf},
year = {2017}
}

@inproceedings{vinyals-cvpr-15,
archivePrefix = {arXiv},
arxivId = {1411.4555},
author = {Vinyals, Oriol and Toshev, Alexander and Bengio, Samy and Erhan, Dumitru},
booktitle = {Proceedings of the IEEE Computer Society Conference on Computer Vision and Pattern Recognition},
doi = {10.1109/CVPR.2015.7298935},
eprint = {1411.4555},
isbn = {9781467369640},
issn = {10636919},
pmid = {903},
title = {{Show and tell: A neural image caption generator}},
year = {2015}
}

@inproceedings{papazoglou-accv-16,
author = {Papazoglou, Anestis and {Del Pero}, Luca and Ferrari, Vittorio},
booktitle = {Asian Conference on Computer Vision},
doi = {10.1007/978-3-319-54190-7_17},
isbn = {9783319541891},
issn = {16113349},
title = {{Video temporal alignment for object viewpoint}},
year = {2016}
}